<record><leader>00000cas a22000007a 4500</leader><controlfield tag="001">14988350</controlfield><controlfield tag="007">hd afb---bacp</controlfield><controlfield tag="008">861218u1971uuuucaumr nea     0    0eng c</controlfield><datafield ind1=" " ind2=" " tag="010"><subfield code="a">sn 86026524 </subfield></datafield><datafield ind1=" " ind2=" " tag="040"><subfield code="a">IUL</subfield><subfield code="b">eng</subfield><subfield code="c">IUL</subfield><subfield code="d">DLC</subfield><subfield code="d">EYM</subfield><subfield code="d">OCLCQ</subfield><subfield code="d">TXA</subfield><subfield code="d">DLC</subfield><subfield code="d">OCLCQ</subfield><subfield code="d">OCLCO</subfield><subfield code="d">OCLCF</subfield><subfield code="d">OCLCO</subfield><subfield code="d">OCLCQ</subfield></datafield><datafield ind1=" " ind2=" " tag="012"><subfield code="i">8612</subfield></datafield><datafield ind1=" " ind2=" " tag="037"><subfield code="b">Bay Microfilms, Inc., 1115 E. Arques Ave., Sunnyvale, CA 94086</subfield></datafield><datafield ind1="0" ind2=" " tag="041"><subfield code="a">eng</subfield><subfield code="a">spa</subfield></datafield><datafield ind1=" " ind2=" " tag="042"><subfield code="a">pcc</subfield></datafield><datafield ind1=" " ind2=" " tag="043"><subfield code="a">n-us-ca</subfield></datafield><datafield ind1="0" ind2="0" tag="050"><subfield code="a">Newspaper</subfield></datafield><datafield ind1="1" ind2="4" tag="050"><subfield code="a">E184.M5</subfield><subfield code="b">C4535 Sec. 2, roll D</subfield></datafield><datafield ind1="0" ind2=" " tag="130"><subfield code="a">Chispa (Oakland, Calif.)</subfield></datafield><datafield ind1="1" ind2="3" tag="245"><subfield code="a">La chispa.</subfield></datafield><datafield ind1=" " ind2=" " tag="260"><subfield code="a">Oakland, Calif. :</subfield><subfield code="b">El Partido Revolucionario Chicano, Ministry of Information,</subfield><subfield code="c">[1971]-</subfield></datafield><datafield ind1=" " ind2=" " tag="300"><subfield code="a">volumes :</subfield><subfield code="b">illustrations</subfield></datafield><datafield ind1=" " ind2=" " tag="310"><subfield code="a">Monthly</subfield></datafield><datafield ind1=" " ind2=" " tag="336"><subfield code="a">text</subfield><subfield code="b">txt</subfield><subfield code="2">rdacontent</subfield></datafield><datafield ind1=" " ind2=" " tag="337"><subfield code="a">microform</subfield><subfield code="b">h</subfield><subfield code="2">rdamedia</subfield></datafield><datafield ind1=" " ind2=" " tag="338"><subfield code="a">microfilm reel</subfield><subfield code="b">hd</subfield><subfield code="2">rdacarrier</subfield></datafield><datafield ind1="0" ind2=" " tag="362"><subfield code="a">Vol. 1, no. 1 (Jan. 1971)-</subfield></datafield><datafield ind1=" " ind2=" " tag="500"><subfield code="a">"Chicano community news service."</subfield></datafield><datafield ind1=" " ind2=" " tag="500"><subfield code="a">Title from cover.</subfield></datafield><datafield ind1=" " ind2=" " tag="546"><subfield code="a">Chiefly in English with some contributions in Spanish.</subfield></datafield><datafield ind1=" " ind2=" " tag="588"><subfield code="a">Latest issue consulted: Vol. 1, no. 3 (marzo 24, 1971).</subfield></datafield><datafield ind1=" " ind2=" " tag="533"><subfield code="a">Microfilm.</subfield><subfield code="m">v.1:no. 1-3 (Jan. 1971-marzo 24,</subfield><subfield code="d">1971)</subfield><subfield code="b">Palo Alto, Calif. :</subfield><subfield code="c">Filmed by Bay Microfilm, Inc., Library Microfilms Division, [in conjunction with the Chicano Studies Collections, University of California, Berkeley].</subfield><subfield code="e">1 microfilm reel ; 35 mm.</subfield><subfield code="f">([Chicano serials collection] ; Sec. 2, roll D)</subfield><subfield code="n">Filmed with other titles.</subfield></datafield><datafield ind1=" " ind2="0" tag="650"><subfield code="a">Hispanic Americans</subfield><subfield code="z">California</subfield><subfield code="z">Oakland</subfield><subfield code="v">Newspapers.</subfield></datafield><datafield ind1=" " ind2="0" tag="650"><subfield code="a">Hispanic Americans</subfield><subfield code="v">Newspapers.</subfield></datafield><datafield ind1=" " ind2="0" tag="650"><subfield code="a">Hispanic Americans</subfield><subfield code="x">Civil rights</subfield><subfield code="v">Newspapers.</subfield></datafield><datafield ind1=" " ind2="7" tag="650"><subfield code="a">Hispanic Americans.</subfield><subfield code="2">fast</subfield><subfield code="0">(OCoLC)fst00957523</subfield></datafield><datafield ind1=" " ind2="7" tag="650"><subfield code="a">Hispanic Americans</subfield><subfield code="x">Civil rights.</subfield><subfield code="2">fast</subfield><subfield code="0">(OCoLC)fst00957534</subfield></datafield><datafield ind1=" " ind2="7" tag="651"><subfield code="a">California</subfield><subfield code="z">Oakland.</subfield><subfield code="2">fast</subfield><subfield code="0">(OCoLC)fst01206605</subfield></datafield><datafield ind1=" " ind2="7" tag="655"><subfield code="a">Newspapers.</subfield><subfield code="2">fast</subfield><subfield code="0">(OCoLC)fst01423814</subfield></datafield><datafield ind1="2" ind2=" " tag="710"><subfield code="a">Partido Revolucionario Chicano (Calif.).</subfield><subfield code="b">Ministry of Information.</subfield></datafield><datafield ind1=" " ind2=" " tag="752"><subfield code="a">United States</subfield><subfield code="b">California</subfield><subfield code="c">Alameda</subfield><subfield code="d">Oakland.</subfield></datafield><datafield ind1="1" ind2=" " tag="776"><subfield code="c">Original</subfield><subfield code="w">(DLC)sn 94053326</subfield><subfield code="w">(OCoLC)25000246</subfield></datafield><datafield ind1=" " ind2="0" tag="830"><subfield code="a">Chicano serials collection ;</subfield><subfield code="v">Sec. 2, roll d.</subfield></datafield><datafield ind1=" " ind2=" " tag="850"><subfield code="a">DLC</subfield><subfield code="a">InU</subfield><subfield code="a">MiU</subfield></datafield><datafield ind1="1" ind2=" " tag="029"><subfield code="a">AU@</subfield><subfield code="b">000020443312</subfield></datafield></record>